<?xml version='1.0' encoding='UTF-8'?>
<record xmlns="http://www.loc.gov/MARC21/slim">
  <leader>00923cam a2200253 a 4500</leader>
  <controlfield tag="001">479806</controlfield>
  <controlfield tag="003">NjP</controlfield>
  <controlfield tag="005">20171013103014.0</controlfield>
  <controlfield tag="008">881118m19869999ir       b    000|0 ara d</controlfield>
  <datafield tag="024" ind1="7" ind2=" ">
    <subfield code="a">princeton_aco002914</subfield>
    <subfield code="2">local</subfield>
  </datafield>
  <datafield ind1=" " ind2=" " tag="035">
    <subfield code="a">(OCoLC)31461653</subfield>
  </datafield>
  <datafield ind1=" " ind2=" " tag="035">
    <subfield code="a">(CStRLIN)NJPG88-B57994</subfield>
  </datafield>
  <datafield ind1=" " ind2=" " tag="035">
    <subfield code="9">ACF5496TS</subfield>
  </datafield>
  <datafield ind1=" " ind2=" " tag="040">
    <subfield code="a">NjP</subfield>
    <subfield code="c">NjP</subfield>
  </datafield>
  <datafield ind1="1" ind2=" " tag="041">
    <subfield code="a">ara</subfield>
    <subfield code="h">per</subfield>
  </datafield>
  <datafield ind1="1" ind2=" " tag="100">
    <subfield code="a">Dastʹghayb, ʻAbd al-Ḥusayn.</subfield>
  </datafield>
  <datafield ind1="1" ind2="0" tag="245">
    <subfield code="a">Silsilat uṣūl al-dīn /</subfield>
    <subfield code="c">ʻAbd al-Ḥusayn Dastʹghayb al-Shīrāzī ; tarjamat Aḥmad al-Qabbānchī.</subfield>
  </datafield>
  <datafield ind1=" " ind2=" " tag="260">
    <subfield code="a">Qum, Īrān :</subfield>
    <subfield code="b">Muʾassasat Dār al-Kitāb,</subfield>
    <subfield code="c">1406- [1986- ]</subfield>
  </datafield>
  <datafield ind1=" " ind2=" " tag="300">
    <subfield code="a">v. ;</subfield>
    <subfield code="c">22 cm.</subfield>
  </datafield>
  <datafield ind1=" " ind2=" " tag="500">
    <subfield code="a">Translated from the Persian.</subfield>
  </datafield>
  <datafield ind1=" " ind2=" " tag="504">
    <subfield code="a">Includes bibliographical references.</subfield>
  </datafield>
  <datafield ind1="1" ind2=" " tag="505">
    <subfield code="a">juzʾ 2. al-ʻAdl.</subfield>
  </datafield>
  <datafield ind1=" " ind2="0" tag="650">
    <subfield code="a">Islam</subfield>
    <subfield code="x">Miscellanea.</subfield>
    <subfield code="0">http://id.loc.gov/authorities/subjects/sh2008104945</subfield>
  </datafield>
  <datafield ind1=" " ind2=" " tag="998">
    <subfield code="a">11/03/94</subfield>
    <subfield code="s">9118</subfield>
    <subfield code="n">NjP</subfield>
    <subfield code="w">NJPG88B57994</subfield>
    <subfield code="d">11/18/88</subfield>
    <subfield code="c">JEB</subfield>
    <subfield code="b">KC</subfield>
    <subfield code="i">941103</subfield>
    <subfield code="l">NJPG</subfield>
  </datafield>
  <datafield ind1=" " ind2=" " tag="911">
    <subfield code="a">19941111</subfield>
  </datafield>
  <datafield ind1=" " ind2=" " tag="912">
    <subfield code="a">19941103000000.0</subfield>
  </datafield>
  <datafield ind1="0" ind2="1" tag="852">
    <subfield code="0">521353</subfield>
    <subfield code="b">rcppa</subfield>
    <subfield code="t">1</subfield>
    <subfield code="h">BP161.2</subfield>
    <subfield code="i">.D377125 1986</subfield>
    <subfield code="x">tr fr arab</subfield>
  </datafield>
  <datafield ind1=" " ind2="0" tag="866">
    <subfield code="0">521353</subfield>
    <subfield code="8">0</subfield>
    <subfield code="a">juzʾ 2 (published in 1986)</subfield>
  </datafield>
  <datafield ind1=" " ind2="0" tag="866">
    <subfield code="0">521353</subfield>
    <subfield code="8">0</subfield>
    <subfield code="x">DESIGNATOR: juzʾ</subfield>
  </datafield>
  <datafield ind1=" " ind2=" " tag="959">
    <subfield code="a">2000-06-13 00:00:00 -0500</subfield>
  </datafield>
</record>
